@Misc{whosmoking,
  author = {WHO},
  title = {{Fact sheets - Tobacco}},
  year = {2019},
  url = {{https://www.who.int/news-room/fact-sheets/detail/tobacco}}	
}

@Misc{whopregnancy,
	title = {{Pregnancy, Childbirth, Postpartum and Newborn Care. A Guide for Essential Practice}},
	author = {WHO and {United Nations Population Fund} and UNICEF},
	year = {2019},
	url = {{https://www.who.int/maternal_child_adolescent/documents/imca-essential-practice-guide/en/}}	
}

@Article{abrevaya2015,
author = {Abrevaya, Jason and Hsu, Yu-Chin and Lieli, Robert},
year = {2015},
pages = {485-505},
title = {{Estimating Conditional Average Treatment Effects}},
volume = {33},
number = {4},
journal = {{Journal of Business \& Economic Statistics}},
doi = {10.1080/07350015.2014.975555}
}

@Misc{fan2019,
    title={{Estimation of Conditional Average Treatment Effects with High-Dimensional Data}},
    author={Qingliang Fan and Yu-Chin Hsu and Robert P. Lieli and Yichong Zhang},
    year={2019},
    eprint={1908.02399},
    archivePrefix={arXiv},
    primaryClass={econ.EM}
}

@Misc{chernozhukov2016,
    title={{Double/Debiased Machine Learning for Treatment and Causal Parameters}},
    author={Victor Chernozhukov and Denis Chetverikov and Mert Demirer and Esther Duflo and Christian Hansen and Whitney Newey and James Robins},
    year={2016},
    eprint={1608.00060},
    archivePrefix={arXiv},
    primaryClass={stat.ML}
}

@Article{rubin1974,
  author =    {Rubin, Donald B},
  title =     {{Estimating Causal Effects of Treatments in Randomized and Nonrandomized Studies}},
  journal =   {Journal of Educational Psychology},
  year =      {1974},
  volume =    {66},
  number =    {5},
  pages =     {688},
  publisher = {American Psychological Association},
  urldate =   {2018-01-18}
}

@article{szekely2007,
   title={{Measuring and Testing Dependence by Correlation of Distances}},
   volume={35},
   ISSN={0090-5364},
   url={http://dx.doi.org/10.1214/009053607000000505},
   DOI={10.1214/009053607000000505},
   number={6},
   journal={The Annals of Statistics},
   publisher={Institute of Mathematical Statistics},
   author={Székely, Gábor J. and Rizzo, Maria L. and Bakirov, Nail K.},
   year={2007},
   month={Dec},
   pages={2769–2794}
}
